@misc{ wiki_hpc,
  author = "{Wikipedia contributors}",
  title = "High-performance computing --- {Wikipedia}{,} The Free Encyclopedia",
  year = "2022",
  url = "https://en.wikipedia.org/w/index.php?title=High-performance_computing&oldid=1106282408",
  note = "[Online; accessed 7-September-2022]"
}

@misc{ hpc_history,
  title = "High-performance comHistory and overview of high performance computing",
  year = "2020",
  url = "https://www.math-cs.gordon.edu/courses/cps343/presentations/History_and_Overview_of_HPC.pdf",
  note = "CPS343"
}

@misc{ wiki_flops,
  author = "{Wikipedia contributors}",
  title = "FLOPS --- {Wikipedia}{,} The Free Encyclopedia",
  year = "2022",
  url = "https://en.wikipedia.org/w/index.php?title=FLOPS&oldid=1105186915",
  note = "[Online; accessed 9-September-2022]"
}

@misc{ hpc_problem_types,
  author = "Lars Cromley",
  title = "What is High Performance Computing (HPC)",
  year = "2017",
  url = "https://www.2ndwatch.com/blog/introduction-to-high-performance-computing-hpc/",
  note = "[Online; accessed 13-September-2022]"
}

@misc{ amd_hpc,
  author = "AMD",
  title = "高性能计算 (HPC)",
  url = "https://www.amd.com/zh-hans/technologies/hpc-explained",
  note = "[Online; accessed 13-September-2022]"
}

@misc{ hpda,
  author = "hpda",
  title = "High Performance Data Analytics",
  url = "https://www.heavy.ai/technical-glossary/high-performance-data-analytics",
  note = "[Online; accessed 13-September-2022]"
}


@misc{ redhat_hpc,
  title = "什么是高性能计算（HPC）？",
  url = "https://www.redhat.com/zh/topics/high-performance-computing/what-is-high-performance-computing",
  note = "[Online; accessed 13-September-2022]"
}


@misc{ oracle_hpc,
  title = "高性能计算 (HPC) 是什么？",
  url = "https://www.oracle.com/cn/cloud/hpc/what-is-hpc/",
  note = "[Online; accessed 13-September-2022]"
}

@book{hpc_book,
  title={High performance computing: modern systems and practices},
  author={Sterling, Thomas and Brodowicz, Maciej and Anderson, Matthew},
  year={2017},
  publisher={Morgan Kaufmann}
}

@article{hpc_rearch_2019,
  title={HYPERION RESEARCH UPDATE: Research Highlights In HPC, HPDA-AI, Cloud Computing, Quantum Computing, and Innovation Award Winners},
  author={Joseph, E and Conway, S and Sorensen, B and Norton, A},
  journal={SC19},
  year={2019}
}

@misc{ wiki_amdahls_law,
  author = "{Wikipedia contributors}",
  title = "Amdahl's law --- {Wikipedia}{,} The Free Encyclopedia",
  year = "2022",
  url = "https://en.wikipedia.org/w/index.php?title=Amdahl%27s_law&oldid=1108054797",
  note = "[Online; accessed 14-September-2022]"
}

@misc{ when_amdahls_law_does_not_apply,
  title = "When Amdahl's Law Doesn't Apply",
  url = "https://insidehpc.com/2011/06/21047/",
  note = "[Online; accessed 14-September-2022]"
}

@misc{ wiki_gustafson,
  author = "{Wikipedia contributors}",
  title = "Gustafson's law --- {Wikipedia}{,} The Free Encyclopedia",
  year = "2022",
  url = "https://en.wikipedia.org/w/index.php?title=Gustafson%27s_law&oldid=1107600217",
  note = "[Online; accessed 14-September-2022]"
}


@misc{ ibm_hpc,
  title = "HPC system designs",
  url = "https://www.ibm.com/topics/hpc#:~:text=High%2Dperformance%20computing%20(HPC),complex%20problems%20requiring%20massive%20computation.",
  note = "[Online; accessed 13-September-2022]"
}
@misc{ intro_cluster_computing,
  title = "Introduction to Cluster Computing",
  url = "http://selkie.macalester.edu/csinparallel/modules/DistributedMemoryProgramming/build/html/IntroCluster/IntroCluster.html",
  note = "[Online; accessed 13-September-2022]"
}

@misc{ hpc_wiki_batch_scheduler,
  title = "Batch-Scheduler",
  year = "2022",
  url = "https://hpc-wiki.info/hpc/Batch-Scheduler",
  note = "[Online; accessed 15-September-2022]"
}

@article{comparative_drms,
  title={Comparative study of distributed resource management systems--sge, lsf, pbs pro, and loadleveler},
  author={Yan, Yonghong and Chapman, Barbara},
  journal={Technical Report-Citeseerx},
  year={2008}
}

@misc{ wiki_grid_engine,
    author = "{Wikipedia contributors}",
    title = "Oracle Grid Engine --- {Wikipedia}{,} The Free Encyclopedia",
    year = "2022",
    url = "https://en.wikipedia.org/w/index.php?title=Oracle_Grid_Engine&oldid=1066808425",
    note = "[Online; accessed 15-September-2022]"
  }

@misc{ choose_k8s_lsf,
  title = "Choosing the Right Scheduler for HPC and AI Workloads",
  year = "2019",
  url = "https://www.hpcwire.com/solution_content/ibm/cross-industry/choosing-the-right-scheduler-for-hpc-and-ai-workloads/",
  note = "[Online; accessed 15-September-2022]"
}
  

@misc{ arm_hpc_tools,
  title = "Tools and Software:HPC",
  year = "2022",
  url = "https://developer.arm.com/products/software-development-tools/hpc",
  note = "[Online; accessed 15-September-2022]"
}

@misc{ ohpc,
  author="hhpc",
  title = "OpenHPC (v2.5) Cluster Building Recipes",
  year = "2022",
  url = "https://github.com/openhpc/ohpc/releases/tag/v2.5.GA",
  note = "[Online; accessed 15-September-2022]"
}

@misc{ wiki_mpi,
  author = "{Wikipedia contributors}",
  title = "Message Passing Interface --- {Wikipedia}{,} The Free Encyclopedia",
  year = "2022",
  url = "https://en.wikipedia.org/w/index.php?title=Message_Passing_Interface&oldid=1104876573",
  note = "[Online; accessed 15-September-2022]"
}


@misc{ c++_amp,
title = "C++ AMP Overview",
year = "2021",
url = "  https://docs.microsoft.com/en-us/cpp/parallel/amp/cpp-amp-overview?view=msvc-170",
note = "[Online; accessed 15-September-2022]"
}



@misc{ hpc_ai_intel,
title = "HPC and AI: A Powerful Combination",
year = "2022",
url = "https://www.intel.com/content/www/us/en/high-performance-computing/hpc-artificial-intelligence.html",
note = "[Online; accessed 15-September-2022]"
}

@article{farber2017ai,
  title={AI-HPC is Happening Now},
  author={Farber, Rob},
  journal={insideHPC Special Report, insideHPC, LLC},
  year={2017}
}


@misc{ jack_hpc_ai,
title = "图灵奖得主Jack Dongarra：高性能计算与AI大融合，如何颠覆科学计算",
year = "2022",
url = "https://www.51cto.com/article/717823.html",
note = "[Online; accessed 15-September-2022]"
}

@misc{ bring_ai_to_hpc,
title = "Bringing AI Into Your AGENCY HPC Environment",
url = "https://www.govexec.com/media/intel_ai-hpc_eguide.pdf",
note = "[Online; accessed 16-September-2022]"
}


@misc{ yef2022_hpc,
author = "郑纬民",
title = "关于算力的几点考虑",
url = "https://dl.ccf.org.cn/video/videoDetail.html?_ack=1&id=5992273244899328",
note = "YEF 2022 特邀报告（6月9日）"
}

@misc{ hpda_qa,
year = "2017",
author = "Bill Magro and Jimmy Pike and Moderator and Walker Stemple",
title = "High Performance Data Analytics: A Q\&A with Subject Matter Experts",
url = "https://www.cio.com/article/230297/high-performance-data-analytics-a-qanda-with-subject-matter-experts.html"
}

@inproceedings{spark_on_hpc,
  title={Scaling spark on hpc systems},
  author={Chaimov, Nicholas and Malony, Allen and Canon, Shane and Iancu, Costin and Ibrahim, Khaled Z and Srinivasan, Jay},
  booktitle={Proceedings of the 25th ACM International Symposium on High-Performance Parallel and Distributed Computing},
  pages={97--110},
  year={2016}
}

@inproceedings{two_level_storage,
  title={Big data analytics on traditional HPC infrastructure using two-level storage},
  author={Xuan, Pengfei and Denton, Jeffrey and Srimani, Pradip K and Ge, Rong and Luo, Feng},
  booktitle={Proceedings of the 2015 International Workshop on Data-Intensive Scalable Computing Systems},
  pages={1--8},
  year={2015}
}

@article{netcdf_bigdata,
  title={A flexible I/O arbitration framework for netCDF-based big data processing workflows on high-end supercomputers},
  author={Liao, Jianwei and Gerofi, Balazs and Lien, Guo-Yuan and Miyoshi, Takemasa and Nishizawa, Seiya and Tomita, Hirofumi and Liao, Wei-Keng and Choudhary, Alok and Ishikawa, Yutaka},
  journal={Concurrency and Computation: Practice and Experience},
  volume={29},
  number={15},
  pages={e4161},
  year={2017},
  publisher={Wiley Online Library}
}
@inproceedings{hpc_idle_bigdata,
  title={Big data and HPC collocation: Using HPC idle resources for Big Data analytics},
  author={Mercier, Michael and Glesser, David and Georgiou, Yiannis and Richard, Olivier},
  booktitle={2017 IEEE International Conference on Big Data (Big Data)},
  pages={347--352},
  year={2017},
  organization={IEEE}
}

@inproceedings{ml_map_reduce,
  title={LLMapReduce: Multi-level map-reduce for high performance data analysis},
  author={Byun, Chansup and Kepner, Jeremy and Arcand, William and Bestor, David and Bergeron, Bill and Gadepally, Vijay and Hubbell, Matthew and Michaleas, Peter and Mullen, Julie and Prout, Andrew and others},
  booktitle={2016 IEEE High Performance Extreme Computing Conference (HPEC)},
  pages={1--8},
  year={2016},
  organization={IEEE}
}

@article{hpda_escience,
  title={Towards HPC and Big Data Analytics Convergence: Design and Experimental Evaluation of a HPDA Framework for eScience at Scale},
  author={Elia, Donatello and Fiore, Sandro and Aloisio, Giovanni},
  journal={IEEE Access},
  volume={9},
  pages={73307--73326},
  year={2021},
  publisher={IEEE}
}

@article{hpc_future,
  title={Future of HPC: The Internet of Workflows},
  author={Dube, Nicolas and Roweth, Duncan and Faraboschi, Paolo and Milojicic, Dejan},
  journal={IEEE Internet Computing},
  volume={25},
  number={5},
  pages={26--34},
  year={2021},
  publisher={IEEE}
}

@misc{ wiki_infiniband,
  author = "{Wikipedia contributors}",
  title = "InfiniBand --- {Wikipedia}{,} The Free Encyclopedia",
  year = "2022",
  howpublished = "\url{https://en.wikipedia.org/w/index.php?title=InfiniBand&oldid=1106147193}",
  note = "[Online; accessed 21-September-2022]"
}

@misc{ wiki_omni_path,
  author = "{Wikipedia contributors}",
  title = "Omni-Path --- {Wikipedia}{,} The Free Encyclopedia",
  year = "2021",
  howpublished = "\url{https://en.wikipedia.org/w/index.php?title=Omni-Path&oldid=1046427810}",
  note = "[Online; accessed 21-September-2022]"
}

@misc{ infiniband_eth,
  year="2020",
  author = "Zeus Kerravala",
  title = "Despite Predictions of Its Demise, InfiniBand Is Still Alive",
  url = "https://www.eweek.com/networking/despite-predictions-of-its-demise-infiniband-is-still-alive/#:~:text=Today%2C%20both%20InfiniBand%20and%20Ethernet,up%20to%2012%20SerDes%20together)."
}

@misc{ infiniband_future,
  year="2022",
  title = "InfiniBand: The Future Standard of High-Performance Computing",
  url = "https://www.nextrongroup.com/News_detail/121/InfiniBand:-The-Future-Standard-of-High%E2%80%94Performance-Computing.html"
}

@misc{ wiki_rdma,
  author = "{Wikipedia contributors}",
  title = "Remote direct memory access --- {Wikipedia}{,} The Free Encyclopedia",
  year = "2022",
  howpublished = "\url{https://en.wikipedia.org/w/index.php?title=Remote_direct_memory_access&oldid=1093871583}",
  note = "[Online; accessed 21-September-2022]"
}

@misc{ openfaas_arch,
  title = "OpenFaaS stack",
  url = "https://docs.openfaas.com/architecture/stack/"
}

@misc{ knative_concepts,
  title = "Knative Concepts",
  url = "https://knative.dev/docs/concepts/"
}


@misc{ why_nuclio,
  title = "Why another “serverless” project?",
  url = "https://nuclio.io/docs/latest/introduction/"
}

@inproceedings{faas_performance_aspects,
  title={Open source faas performance aspects},
  author={Balla, David and Maliosz, Markosz and Simon, Csaba},
  booktitle={2020 43rd International Conference on Telecommunications and Signal Processing (TSP)},
  pages={358--364},
  year={2020},
  organization={IEEE}
}

@inproceedings{faas_evaluation,
  title={An evaluation of open source serverless computing frameworks support at the edge},
  author={Palade, Andrei and Kazmi, Aqeel and Clarke, Siobh{\'a}n},
  booktitle={2019 IEEE World Congress on Services (SERVICES)},
  volume={2642},
  pages={206--211},
  year={2019},
  organization={IEEE}
}

@inproceedings{understanding_faas,
  title={Understanding open source serverless platforms: Design considerations and performance},
  author={Li, Junfeng and Kulkarni, Sameer G and Ramakrishnan, KK and Li, Dan},
  booktitle={Proceedings of the 5th international workshop on serverless computing},
  pages={37--42},
  year={2019}
}